@inproceedings{Lewis2000,
	author = {Lewis, J. P. and Cordner, Matt and Fong, Nickson},
	title = {Pose Space Deformation: A Unified Approach to Shape Interpolation and Skeleton-driven Deformation},
	booktitle = {Proceedings of the 27th Annual Conference on Computer Graphics and Interactive Techniques},
	series = {SIGGRAPH '00},
	year = {2000},
	isbn = {1-58113-208-5},
	pages = {165--172},
	numpages = {8},
	url = {http://dx.doi.org/10.1145/344779.344862},
	doi = {10.1145/344779.344862},
	acmid = {344862},
	publisher = {ACM Press/Addison-Wesley Publishing Co.},
	address = {New York, NY, USA},
	keywords = {animation, applications, deformation, facial animation, morphing},
} 