@BOOK{
	howard02,
	AUTHOR 		= "Howard, I. P. and Rogers, B. J.",
	TITLE 		= "Seeing in Depth, vol. 2 Depth Perception",
	PUBLISHER 	= "Oxford University Press",
	ADDRESS 	= "Thornhill, Ontario, Canada",
	YEAR 		= "2002"	
	}

%dx9:dof
@INCOLLECTION{
	riguer04,
	AUTHOR 		= "Riguer, G. and Tatarchuk, N., and Isidoro, J",
	TITLE 		= "Real-Time Depth of Field Simulation",
	BOOKTITLE	= "ShaderX2: Shader Programming Tips \& Tricks with DirectX9",
	PUBLISHER	= "Ed. Wordware Publishing",	
	PAGES		= {539–556},
	EDITORS		= "Engel, W.F.",
	ADDRESS		= "Plano, TX"
	YEAR		= {2004}
	}	

@BOOK{
	mccauley84,
	AUTHOR 		= "McCauley, M.E.",
	TITLE 		= "Research issues in simulator sickness: Proceedings 
of a workshop",
	PUBLISHER 	= "National Academy Press",
	ADDRESS 	= "Washinton, D.C",
	YEAR 		= "1984"		
	}
	

%howarth:occurrence
@ARTICLE{
	howarth97,
	AUTHOR 		= "Howarth, P. A. and Costello, P. J.",
	TITLE 		= "The occurrence of virtual simulation sickness symptoms when a {HMD} was used as a personal viewing system",
	JOURNAL		= "Displays",
	VOLUME 		= {18},
	NUMBER	 	= {2},
	PAGES 		= {107-116},
	MONTH		= "December",
	YEAR 		= {1997}	
	}	
	
@TECHREPORT{
	miller58,
	AUTHOR 		= "Miller, J.W. and Goodson, J.E.",
	TITLE 		= "A note concerning 'motion sickness' in the 2-F2-H Hover Trainer",
	INSTITUTION = "Naval School of Aviation Medicine",
	YEAR 		= {1958}	
	}		
	
@ARTICLE{
	Stanney03,
	AUTHOR 		= "Stanney, K. M. and Hale, K. S. and Nahmens I. and Kennedy, R. S.",
	TITLE 		= "What to Expect from Immersive Virtual Environment Exposure: Influences of Gender, Body Mass Index, and Past Experience",
	JOURNAL		= "Human Factors",
	VOLUME 		= {45},
	NUMBER	 	= {3},
	PAGES 		= {504-520},
	MONTH		= "Fall",
	YEAR 		= {2003}	
	}
% virtual:expect2
@ARTICLE{
	hoffman08,
	AUTHOR 		= "Hoffman, D.M. and Girshick, A.R. and Akeley, K. and Banks, M.S.",
	TITLE 		= "Vergence–accommodation conflicts hinder visual performance and cause visual fatigue",
	JOURNAL		= "Journal of Vision",
	VOLUME 		= {8},
	NUMBER	 	= {3},
	PAGES 		= {1-47},
	MONTH		= "June",
	YEAR 		= {2008}	
	}

@TECHREPORT{
	johnson05,
	AUTHOR 		= "Johnson, D.M.",
	TITLE 		= "Introduction to and Review of Simulator Sickness Research",
	INSTITUTION = "US Army Research Institute",
	MONTH		= "April",
	YEAR 		= {2005}	
	}	
	
@TECHREPORT{
	oculus,
	AUTHOR 		= "Yao, R. and Heath, T. and Davies, A. and Forsyth, T. and Mitchell, N. and Hoberman, P.",
	TITLE 		= "Oculus {VR} Best Practices Guide",
	INSTITUTION = "Oculus VR, LLC",
	MONTH		= "July",
	YEAR 		= {2014}	
	}	


%vection
@ARTICLE{
	hettinger90,
	AUTHOR 		= "Hettinger, L.J. and Berbaum, K.S. and Kennedy, R.S.",
	TITLE 		= "Vection and Simulator Sickness",
	JOURNAL		= "Military Psychology",
	VOLUME 		= {2},
	NUMBER	 	= {3},
	PAGES 		= {171-181},
	YEAR 		= {1990}	
	}

@INCOLLECTION{
	german:space,
	AUTHOR 		= "Tschermak, A.",
	TITLE 		= "Optischer raumsinn [Optical sense  of  space]",
	BOOKTITLE	= "Handbuch der normalen undpathologischen physiologic",
	PUBLISHER	= "Springer-Verlag",	
	PAGES		= {834-1000},
	EDITORS		= "Bethe, A. and Bergmann G., and Emden, G. and Ellinger, A.",
	YEAR		= {1931}
	}

@BOOK{
	reason:motion,
	AUTHOR 		= "Reason, J.T., Brand, J.J.",
	TITLE 		= "Motion Sickness",
	PUBLISHER 	= "Academic Press",
	ADDRESS 	= "London",
	YEAR 		= "1975"	
	}

@ARTICLE{
	shibata11,
	AUTHOR 		= "Shibata, T. and Kim, J. and Hoffman, D.M. and Banks, M.S.",
	TITLE 		= "The zone of comfort: Predicting visual discomfort with stereo displays",
	JOURNAL		= "Journal of Vision",
	VOLUME 		= {11},
	NUMBER	 	= {8},
	PAGES 		= {1-29},
	YEAR 		= {2011}	
	}

@ARTICLE{
	hiruma:accommodation,
	AUTHOR 		= "Hiruma, N. and Fukuda, T.",
	TITLE 		= "Accomodation response to binocular stereoscopic TV images and their viewing conditions",
	JOURNAL		= "SMPTE Journal",
	PAGES 		= {1137-1144},
	MONTH		= "December"
	YEAR 		= {1993}	
	}

%mil:lit
@ARTICLE{
	pausch92,
	AUTHOR 		= "Pausch, R. and Crea, T. and Conway, M.",
	TITLE 		= "A Literature Survey for Virtual Environments: Military Flight Simulator Visual Systems and Simulator Sickness",
	JOURNAL		= "Presence: Teleoper. Virtual Environ.",
	VOLUME 		= {1},
	NUMBER	 	= {3},
	PAGES 		= {344-363},
	YEAR 		= {1992}		
	}	
% mil:simsick
@TECHREPORT{
	kolasinski95,
	AUTHOR 		= "Kolasinski, E.M.",
	TITLE 		= "Simulator Sickness in Virtual Environments",
	INSTITUTION = "US Army Research Institute",
	MONTH		= "May",
	YEAR 		= {1995}	
	}
	
@MISC{
	gdc,
    AUTHOR    		= "Forsyth, T.",
    TITLE     		= "Developing {VR} Experiences with the Oculus Rift",
    HOWPUBLISHED 	= "GDC 2014",
    YEAR     		= "2014",
    %month    		= "",
    %note     		= "",
}
	GDC 2014 talk, Tom Forsythe
%stereovsmono
@ARTICLE{
	ehrlich96,
	AUTHOR 		= "Ehrlich, J.A. and Singer, M.J.",
	TITLE 		= "Simulator sickness in stereoscopic vs. monoscopic helmet mounted displays",
	JOURNAL		= "Proceedings of the Human Factors and Ergonomics Society Annual Meeting",
	MONTH 		= "October",
	YEAR 		= {1996}		
	}	

%hmd:sick
@ARTICLE{
	moss11,
	AUTHOR 		= "Moss, J.D. and Muth, E.R.",
	TITLE 		= "Characteristics of Head-Mounted Displays and Their Effects on Simulator Sickness",
	JOURNAL		= "Human Factors",
	VOLUME 		= {53},
	NUMBER	 	= {3},
	PAGES 		= {308-319},
	MONTH		= "April",
	YEAR 		= {2011}	
	}
%3ddac
@ARTICLE{
	shiwa96,
	AUTHOR 		= "Shiwa, S. and Omura, K. and Kishino, F.",
	TITLE 		= "Proposal for a 3-D display with accommodative compensation: 3DDAC",
	JOURNAL		= "Journal of the Society for Information Display",
	VOLUME 		= {4},
	NUMBER	 	= {4},
	YEAR 		= {1996}	
	}
% visual:comfort	
@ARTICLE{
	kooi04,
	AUTHOR 		= "Kooi, F.L. and Toet A.",
	TITLE 		= "Visual comfort of binocular and 3D displays",
	JOURNAL		= "Displays",
	VOLUME 		= {25},
	PAGES 		= {99-108},
	YEAR 		= {2004}	
	}

@ARTICLE{
	stereo:sdof,
	AUTHOR 		= "Blohm, W. and Beldie, I.P. and Schenke, K. and Fazel, K. and Pastoor, S.",
	TITLE 		= "Stereoscopic image representation with synthetic depth of field",
	JOURNAL		= "Journal of the Society for Information Display",
	VOLUME 		= {5},
	NUMBER	 	= {3},
	YEAR 		= {1997}	
	}
@ARTICLE{
	kim14,
	AUTHOR 		= "Kim, J. and Kane, D. and Banks, M. S. ",
	TITLE 		= "The rate of change of vergence-accomodation conflict affects visual discomfort",
	JOURNAL 	= "Vison Research",
	MONTH 		= "July", 
	YEAR 		= {2014}	
	}


%%%%%%%%%%%%%%%%%%%%%%%%%%%%%%%%%%%%%%%%%%%%%%%%%%%%%%%%%%%%%%%%%

@inproceedings{Mauderer:2014:DPG:2556288.2557089,
 author = {Mauderer, Michael and Conte, Simone and Nacenta, Miguel A. and Vishwanath, Dhanraj},
 title = {Depth Perception with Gaze-contingent Depth of Field},
 booktitle = {Proceedings of the SIGCHI Conference on Human Factors in Computing Systems},
 series = {CHI '14},
 year = {2014},
 isbn = {978-1-4503-2473-1},
 location = {Toronto, Ontario, Canada},
 pages = {217--226},
 numpages = {10},
 url = {http://doi.acm.org/10.1145/2556288.2557089},
 doi = {10.1145/2556288.2557089},
 acmid = {2557089},
 publisher = {ACM},
 address = {New York, NY, USA},
 keywords = {blur, depth cues, depth perception, depth-of-field, eye tracking, gaze-contingent display, three-dimensional graphics and realism},
} 

@article{held10,
 author = {Held, Robert T. and Cooper, Emily A. and O'Brien, James F. and Banks, Martin S.},
 title = {Using Blur to Affect Perceived Distance and Size},
 journal = {ACM Trans. Graph.},
 issue_date = {March 2010},
 volume = {29},
 number = {2},
 month = apr,
 year = {2010},
 issn = {0730-0301},
 pages = {19:1--19:16},
 articleno = {19},
 numpages = {16},
 url = {http://doi.acm.org/10.1145/1731047.1731057},
 doi = {10.1145/1731047.1731057},
 acmid = {1731057},
 publisher = {ACM},
 address = {New York, NY, USA},
 keywords = {Depth of field, defocus blur, human perception, photography, tilt-shift effect},
} 

@inproceedings{Toyoura:2012:MPD:2407516.2407526,
 author = {Toyoura, Masahiro and Kashiwagi, Kenji and Sugiura, Atsushi and Mao, Xiaoyang},
 title = {Mono-glass for Providing Distance Information for People Losing Sight in One Eye},
 booktitle = {Proceedings of the 11th ACM SIGGRAPH International Conference on Virtual-Reality Continuum and Its Applications in Industry},
 series = {VRCAI '12},
 year = {2012},
 isbn = {978-1-4503-1825-9},
 location = {Singapore, Singapore},
 pages = {39--42},
 numpages = {4},
 url = {http://doi.acm.org/10.1145/2407516.2407526},
 doi = {10.1145/2407516.2407526},
 acmid = {2407526},
 publisher = {ACM},
 address = {New York, NY, USA},

}

@INPROCEEDINGS{kenney05,
    author = {Alan Kenny and Hendrik Koesling and Declan Delaney},
    title = {A preliminary investigation into eye gaze data in a first person shooter game},
    booktitle = {In Proceedings of European Conference on Modelling and Simulation, Addison-Wesley Professional},
    year = {2005}
}

@inproceedings{ip,
 author = {O’Hare L. and Zhang T. and Nefs H. T. and Hibbard P. B.},
 title = {Visual discomfort and depth-of-field},
 series = { i-Perception},
 year = {2013},
 pages = {156–169},
 doi = {10.1068/i0566 },
} 


@inproceedings{duchowski14,
	author = {Duchowski, Andrew T. and House, Donald H. and Gestring, Jordan and Wang, Rui I. and Krejtz, Krzysztof and Krejtz, Izabela and Mantiuk, Radoslaw and Bazyluk, Bartosz},
	title = {Reducing Visual Discomfort of 3D Stereoscopic Displays with Gaze-contingent Depth-of-field},
	booktitle = {Proceedings of the ACM Symposium on Applied Perception},
	series = {SAP '14},
	year = {2014},
	isbn = {978-1-4503-3009-1},
	location = {Vancouver, British Columbia, Canada},
	pages = {39--46},
	numpages = {8},
	url = {http://doi.acm.org/10.1145/2628257.2628259},
	doi = {10.1145/2628257.2628259},
	acmid = {2628259},
	publisher = {ACM},
	keywords = {3D displays, eye tracking, visual psychophysics},
} 

@book{moss08,
  	title={Characteristics of Head Mounted Displays and Their Effects on Simulator Sickness},
  	author={Moss, J.D. and Muth, E.R.},
  	isbn={9780549520375},
  	url={http://books.google.co.nz/books?id=BQrqKGI8HAoC},
  	year={2008},
  	publisher={Clemson University}
}

@INPROCEEDINGS{5643544,
	author={Blum, T. and Wieczorek, M. and Aichert, A. and Tibrewal, R. and Navab, N.},
	booktitle={Mixed and Augmented Reality (ISMAR), 2010 9th IEEE International Symposium on},
	title={The effect of out-of-focus blur on visual discomfort when using stereo displays},
	year={2010},
	month={Oct},
	pages={13-17},
	keywords={helmet mounted displays;stereo image processing;virtual reality;depth map;double vision;eye tracker;head mounted displays;out-of-focus blur;stereo displays;stereo monitor;virtual scenes;visual discomfort;Augmented reality;Cameras;Monitoring;Pixel;Stereo vision;Three dimensional displays;Visualization},
	doi={10.1109/ISMAR.2010.5643544},
}

%pictorial
@article {mather96,
	author = {Mather, George},
	title = {Image Blur as a Pictorial Depth Cue},
	volume = {263},
	number = {1367},
	pages = {169--172},
	year = {1996},
	doi = {10.1098/rspb.1996.0027},
	publisher = {The Royal Society},
	isbn = {1471-2954},
	issn = {0962-8452},
	journal = {Proceedings of the Royal Society of London B: Biological Sciences}
}

# A citation for ssq / citulike should point here, too
@article{kennedy93,
    author = {Kennedy, Robert S. and Lane, Norman E. and Berbaum, Kevin S. and Lilienthal, Michael G.},
    booktitle = {The International Journal of Aviation Psychology},
    doi = {10.1207/s15327108ijap0303\_3},
    keywords = {motion\_sickness, simulation, simulator\_sickness\_questionnaire},
    number = {3},
    pages = {203--220},
    priority = {2},
    publisher = {Taylor \& Francis},
    title = {{Simulator Sickness Questionnaire: An Enhanced Method for Quantifying Simulator Sickness}},
    url = {http://dx.doi.org/10.1207/s15327108ijap0303\_3},
    volume = {3},
    year = {1993}
}

@article{akeley04,
	author = {Akeley, Kurt and Watt, Simon J. and Girshick, Ahna Reza and Banks, Martin S.},
	title = {A Stereo Display Prototype with Multiple Focal Distances},
	journal = {ACM Trans. Graph.},
	volume = {23},
	number = {3},
	month = aug,
	year = {2004},
	issn = {0730-0301},
	pages = {804--813},
	numpages = {10},
	url = {http://doi.acm.org/10.1145/1015706.1015804},
	doi = {10.1145/1015706.1015804},
	acmid = {1015804},
	publisher = {ACM},
	address = {New York, NY, USA},
	keywords = {graphics hardware, hardware systems, optics, user-interface hardware, virtual reality},
} 
% hmds
@article {rolland05:2,
	author = { Rolland, J. P. and Hua, Hong.},
	title = {Head-mounted display systems},
	book = {Encyclopedia of Optical Engineering},
	pages = {1--13},
	year = {2005},
	publisher = {Marcel Dekker},
	address = "New York, NY"
}

@article{love09, 
	author = {Gordon D. Love and David M. Hoffman and Philip J.W. Hands and James Gao and Andrew K. Kirby and Martin S. Banks}, 
	journal = {Opt. Express}, 
	keywords = {Displays; Polarization-selective devices; Vision - binocular and stereopsis},
	number = {18}, 
	pages = {15716--15725}, 
	publisher = {OSA},
	title = {High-speed switchable lens enables the development of a volumetric stereoscopic display}, 
	volume = {17}, 
	month = {Aug},
	year = {2009},
	url = {http://www.opticsexpress.org/abstract.cfm?URI=oe-17-18-15716},
	doi = {10.1364/OE.17.015716},
}


@incollection{liu10,
	author = {Liu, Sheng and Hua, Hong and Cheng, Dewen},
	biburl = {http://www.bibsonomy.org/bibtex/259f3ac2aa47fad476b431a4d2b3c17b7/kw},
	booktitle = {IEEE transactions on visualization and computer graphics},
	institution = {IEEE Computer Society },
	interhash = {9c1e66487aeb2c4a1f212aff163193e7},
	intrahash = {59f3ac2aa47fad476b431a4d2b3c17b7},
	keywords = {augmentedreality display mybsc},
	number = 3,
	pages = {381 - 393},
	publisher = {IEEE Computer Society},
	timestamp = {2011-02-09T20:34:43.000+0100},
	title = {A Novel Prototype for an Optical See-Through Head-Mounted Display with Addressable Focus Cues},
	url = {http://dx.doi.org/10.1109/TVCG.2009.95},
	volume = 16,
	year = 2010
}

% inproceedings{Lanman13,
@article{lanman13,
	author = {Lanman, Douglas and Luebke, David},
	title = {Near-eye Light Field Displays},
	journal = {ACM Trans. Graph.},
	issue_date = {November 2013},
	volume = {32},
	number = {6},
	month = nov,
	year = {2013},
	issn = {0730-0301},
	pages = {220:1--220:10},
	articleno = {220},
	numpages = {10},
	url = {http://doi.acm.org/10.1145/2508363.2508366},
	doi = {10.1145/2508363.2508366},
	acmid = {2508366},
	publisher = {ACM},
	address = {New York, NY, USA},
	keywords = {accommodation-convergence conflict, head-mounted displays, light field displays, microlens arrays, virtual reality},
} 

@article{hoffman10,
	author = {David M Hoffman, Martin S Banks},
	title = {Focus information is used to interpret binocular images},
	journal = {Journal of vision},
	volume = {10},
	number = {5},
	year = {2010},
	pages = {13},
	publisher = {Association for Research in Vision and Ophthalmology},
} 

@inproceedings{hillaire08,
  title={Using an eye-tracking system to improve camera motions and depth-of-field blur effects in virtual environments},
  author={Hillaire, S{\'e}bastien and L{\'e}cuyer, Anatole and Cozot, R{\'e}mi and Casiez, G{\'e}ry},
  booktitle={Virtual Reality Conference, 2008. VR'08. IEEE},
  pages={47--50},
  year={2008},
  organization={IEEE}
}

@inproceedings{sun88,
  title={Changes in Accommodation With Age: Static and Dynamic},
  author={Sun F., Stark, L., Nguyen, A, Lakshminarayanan, V., Wong, J. and Muller, E.},
  journal={Optom Physiol Optics},
  volume = {65},
  pages={492-498},
  year={1988},
}

%{Rolland_thepast,
@proceeding{rolland05:1,
author = {Rolland, Jannick P. and Cakmakci, Ozan},
	title = {The past, present, and future of head-mounted display designs},
	journal = {Proc. SPIE},
	volume = {5638},
	number = {},
	pages = {368-377},
	year = {2005},
	doi = {10.1117/12.575697},
	URL = { http://dx.doi.org/10.1117/12.575697},
	eprint = {}
}

@article{rushton99,
  title={Developing visual systems and exposure to virtual reality and stereo displays: some concerns and speculations about the demands on accommodation and vergence},
  author={Rushton, Simon K and Riddell, Patricia M},
  journal={Applied Ergonomics},
  volume={30},
  number={1},
  pages={69--78},
  year={1999},
  publisher={Elsevier}
}

@misc{valveVR,
    author    = "Joe Ludwig",
    title     = "Lessons learned porting {Team Fortress 2 to Virtual Reality}",
    howpublished = "",
    year     = "2013",
}

@misc{unreal,
	author = "Epic Games inc",
  	title = "Unreal Engine Technology",
  	howpublished = "https://www.unrealengine.com/",
  	note = "Accessed: 2014-12-28"
}

@misc{oculusSDK,
	author = "Oculus VR LLC",
  	title = "Oculus Rift SDK, Docs, Integrations | Oculus Developer Center",
  	howpublished = "https://developer.oculus.com/",
  	note = "Accessed: 2014-12-28"
}

@misc{oculusDK1,
	author = "Oculus VR LLC",
  	title = "Oculus Rift - Virtual Reality Headset for Immersive 3D Gaming",
  	howpublished = "https://www.oculus.com/rift/",
  	note = "Accessed: 2014-12-28"
}

@misc{valveVR,
	author = "Valve Corporation",
  	title = "Steam Community Steam {VR}",
  	howpublished = "http://steamcommunity.com/app/250820",
  	note = "Accessed: 2015-01-12"
}

@misc{ue4Bokeh,
	author = "Epic Games inc",
  	title = "Unreal Engine Depth of field",
  	howpublished = "http://goo.gl/7gPydT",
  	note = "Accessed: 2014-07-13"
}





%http://media.steampowered.com/apps/valve/2013/Team_Fortress_in_VR_GDC.pdf


    % 
%p31